<record><leader>00000cas a2200000 a 4500</leader><controlfield tag="001">1479172</controlfield><controlfield tag="008">750726d19681972caubr ne      0   a0eng  </controlfield><datafield ind1=" " ind2=" " tag="010"><subfield code="a">   79008025 </subfield><subfield code="z">sn 95023356 </subfield></datafield><datafield ind1=" " ind2=" " tag="040"><subfield code="a">DLC</subfield><subfield code="b">eng</subfield><subfield code="c">MUL</subfield><subfield code="d">UCU</subfield><subfield code="d">OCL</subfield><subfield code="d">NYS</subfield><subfield code="d">CNW</subfield><subfield code="d">EYM</subfield><subfield code="d">DLC</subfield><subfield code="d">NYS</subfield><subfield code="d">DLC</subfield><subfield code="d">OCLCQ</subfield><subfield code="d">OCLCF</subfield><subfield code="d">OCLCO</subfield><subfield code="d">OCL</subfield><subfield code="d">CUS</subfield></datafield><datafield ind1=" " ind2=" " tag="012"><subfield code="i">9503</subfield></datafield><datafield ind1=" " ind2=" " tag="019"><subfield code="a">4574261</subfield></datafield><datafield ind1=" " ind2=" " tag="042"><subfield code="a">pcc</subfield></datafield><datafield ind1=" " ind2=" " tag="043"><subfield code="a">n-us-ca</subfield></datafield><datafield ind1="0" ind2="0" tag="050"><subfield code="a">AP2</subfield><subfield code="b">.A31057</subfield></datafield><datafield ind1="0" ind2="0" tag="082"><subfield code="a">323.2/0973</subfield></datafield><datafield ind1="0" ind2=" " tag="130"><subfield code="a">Ally (Berkeley, Calif.)</subfield></datafield><datafield ind1="1" ind2="4" tag="245"><subfield code="a">The ally.</subfield></datafield><datafield ind1=" " ind2=" " tag="260"><subfield code="a">Berkeley, Calif. :</subfield><subfield code="b">The Ally,</subfield><subfield code="c">1968-</subfield></datafield><datafield ind1=" " ind2=" " tag="300"><subfield code="a">v. :</subfield><subfield code="b">ill. ;</subfield><subfield code="c">41 cm.</subfield></datafield><datafield ind1=" " ind2=" " tag="310"><subfield code="a">Bimonthly,</subfield><subfield code="b">Aug./Sept. 1971-</subfield></datafield><datafield ind1=" " ind2=" " tag="321"><subfield code="a">Monthly,</subfield><subfield code="b">Feb. 1968-July 1971</subfield></datafield><datafield ind1="0" ind2=" " tag="362"><subfield code="a">No. 1 (Feb. 1968)-</subfield></datafield><datafield ind1="1" ind2=" " tag="362"><subfield code="a">Ceased with: no. 41 (July/Aug. 1972).</subfield></datafield><datafield ind1=" " ind2=" " tag="500"><subfield code="a">"A newspaper for servicemen."</subfield></datafield><datafield ind1=" " ind2=" " tag="500"><subfield code="a">"The G.I.'s Newspaper."</subfield></datafield><datafield ind1=" " ind2=" " tag="515"><subfield code="a">No. 7 never published.</subfield></datafield><datafield ind1=" " ind2=" " tag="515"><subfield code="a">Issues for Dec. 1968 and Jan. 1969 both numbered no. 12.</subfield></datafield><datafield ind1=" " ind2=" " tag="530"><subfield code="a">Available on microfilm from UMI (Underground newspaper collection).</subfield></datafield><datafield ind1=" " ind2=" " tag="588"><subfield code="a">Latest issue consulted: No. 22/23 (Dec. 1969).</subfield></datafield><datafield ind1=" " ind2="0" tag="651"><subfield code="a">United States</subfield><subfield code="x">Armed Forces</subfield><subfield code="v">Newspapers.</subfield></datafield><datafield ind1=" " ind2="0" tag="650"><subfield code="a">Vietnam War, 1961-1975</subfield><subfield code="x">Protest movements</subfield><subfield code="z">United States</subfield><subfield code="v">Newspapers.</subfield></datafield><datafield ind1=" " ind2="0" tag="650"><subfield code="a">Soldiers</subfield><subfield code="x">Civil rights</subfield><subfield code="z">United States</subfield><subfield code="v">Newspapers.</subfield></datafield><datafield ind1=" " ind2="0" tag="650"><subfield code="a">Underground press publications</subfield><subfield code="z">California</subfield><subfield code="z">Berkeley.</subfield></datafield><datafield ind1=" " ind2="0" tag="651"><subfield code="a">United States</subfield><subfield code="x">Politics and government</subfield><subfield code="y">1969-1974</subfield><subfield code="v">Newspapers.</subfield></datafield><datafield ind1=" " ind2="0" tag="651"><subfield code="a">Berkeley (Calif.)</subfield><subfield code="v">Newspapers.</subfield></datafield><datafield ind1=" " ind2="0" tag="651"><subfield code="a">Alameda County (Calif.)</subfield><subfield code="v">Newspapers.</subfield></datafield><datafield ind1="2" ind2="7" tag="611"><subfield code="a">Vietnam War (1961-1975)</subfield><subfield code="2">fast</subfield><subfield code="0">(OCoLC)fst01431664</subfield></datafield><datafield ind1=" " ind2="7" tag="650"><subfield code="a">Armed Forces.</subfield><subfield code="2">fast</subfield><subfield code="0">(OCoLC)fst00814586</subfield></datafield><datafield ind1=" " ind2="7" tag="650"><subfield code="a">Politics and government</subfield><subfield code="2">fast</subfield><subfield code="0">(OCoLC)fst01919741</subfield></datafield><datafield ind1=" " ind2="7" tag="650"><subfield code="a">Protest movements.</subfield><subfield code="2">fast</subfield><subfield code="0">(OCoLC)fst01079826</subfield></datafield><datafield ind1=" " ind2="7" tag="650"><subfield code="a">Soldiers</subfield><subfield code="x">Civil rights.</subfield><subfield code="2">fast</subfield><subfield code="0">(OCoLC)fst01125246</subfield></datafield><datafield ind1=" " ind2="7" tag="650"><subfield code="a">Underground press publications.</subfield><subfield code="2">fast</subfield><subfield code="0">(OCoLC)fst01160984</subfield></datafield><datafield ind1=" " ind2="7" tag="651"><subfield code="a">California</subfield><subfield code="z">Alameda County.</subfield><subfield code="2">fast</subfield><subfield code="0">(OCoLC)fst01205577</subfield></datafield><datafield ind1=" " ind2="7" tag="651"><subfield code="a">California</subfield><subfield code="z">Berkeley.</subfield><subfield code="2">fast</subfield><subfield code="0">(OCoLC)fst01205020</subfield></datafield><datafield ind1=" " ind2="7" tag="651"><subfield code="a">United States.</subfield><subfield code="2">fast</subfield><subfield code="0">(OCoLC)fst01204155</subfield></datafield><datafield ind1=" " ind2="7" tag="648"><subfield code="a">1961 - 1975</subfield><subfield code="2">fast</subfield></datafield><datafield ind1=" " ind2="7" tag="655"><subfield code="a">Newspapers.</subfield><subfield code="2">fast</subfield><subfield code="0">(OCoLC)fst01423814</subfield></datafield><datafield ind1=" " ind2=" " tag="752"><subfield code="a">United States</subfield><subfield code="b">California</subfield><subfield code="c">Alameda</subfield><subfield code="d">Berkeley.</subfield></datafield><datafield ind1="0" ind2=" " tag="776"><subfield code="c">Microfilm</subfield><subfield code="d">UMI</subfield><subfield code="k">Underground newspaper collection</subfield><subfield code="w">(OCoLC)36707239</subfield></datafield><datafield ind1="4" ind2="1" tag="856"><subfield code="u">http://voices.revealdigital.com/cgi-bin/independentvoices?a=cl&amp;cl=CL1&amp;sp=BEHJBHC&amp;ai=1</subfield></datafield><datafield ind1=" " ind2=" " tag="850"><subfield code="a">DLC</subfield><subfield code="a">MiU</subfield></datafield><datafield ind1="1" ind2=" " tag="029"><subfield code="a">AU@</subfield><subfield code="b">000014596589</subfield></datafield></record>